
   <record>
      <leader>00000nz  a2200000nc 4500</leader>
      <controlfield tag="001">institutions/51004594</controlfield>
      <controlfield tag="003">DE-633</controlfield>
      <controlfield tag="005">20250620052256.0</controlfield>
      <controlfield tag="008">201127||||z|||a|||||||||||||||||n||||||d</controlfield>
      <datafield tag="024" ind1="7" ind2=" ">
         <subfield code="a">131032372</subfield>
         <subfield code="2">VIAF</subfield>
      </datafield>
      <datafield tag="024" ind1="7" ind2=" ">
         <subfield code="a">Q2330735</subfield>
         <subfield code="2">WKP</subfield>
      </datafield>
      <datafield tag="024" ind1="7" ind2=" ">
         <subfield code="a">NL-ARga</subfield>
         <subfield code="q">siglum</subfield>
         <subfield code="2">rism</subfield>
      </datafield>
      <datafield tag="034" ind1="1" ind2=" ">
         <subfield code="d">5.927712860320745</subfield>
         <subfield code="f">51.971726676650626</subfield>
      </datafield>
      <datafield tag="040" ind1=" " ind2=" ">
         <subfield code="a">DE-633</subfield>
         <subfield code="c">DE-633</subfield>
         <subfield code="e">rismg</subfield>
      </datafield>
      <datafield tag="043" ind1=" " ind2=" ">
         <subfield code="c">XA-NL</subfield>
      </datafield>
      <datafield tag="110" ind1="1" ind2=" ">
         <subfield code="a">Gelders Archief</subfield>
         <subfield code="c">Arnhem</subfield>
         <subfield code="g">NL-ARga</subfield>
      </datafield>
      <datafield tag="368" ind1=" " ind2=" ">
         <subfield code="a">Institution</subfield>
         <subfield code="a">Library</subfield>
         <subfield code="a">Archive</subfield>
      </datafield>
      <datafield tag="371" ind1=" " ind2=" ">
         <subfield code="a">Westervoortsedijk 67-D</subfield>
         <subfield code="b">Arnhem</subfield>
         <subfield code="c">Provincie Gelderland</subfield>
         <subfield code="d">Netherlands</subfield>
         <subfield code="e">6827 AT</subfield>
         <subfield code="u">https://www.geldersarchief.nl/</subfield>
         <subfield code="z">tel: +31 / 026 / 3521600</subfield>
      </datafield>
      <datafield tag="551" ind1="1" ind2=" ">
         <subfield code="a">Arnhem</subfield>
         <subfield code="0">places/50004340</subfield>
      </datafield>
   </record>