
   <record>
      <leader>00000nz  a2200000nc 4500</leader>
      <controlfield tag="001">institutions/51002960</controlfield>
      <controlfield tag="003">DE-633</controlfield>
      <controlfield tag="005">20250620052247.0</controlfield>
      <controlfield tag="008">190506||||z|||a|||||||||||||||||n||||||d</controlfield>
      <datafield tag="024" ind1="7" ind2=" ">
         <subfield code="a">75146573864538100908</subfield>
         <subfield code="2">VIAF</subfield>
      </datafield>
      <datafield tag="024" ind1="7" ind2=" ">
         <subfield code="a">NL-ASmkp</subfield>
         <subfield code="q">siglum</subfield>
         <subfield code="2">rism</subfield>
      </datafield>
      <datafield tag="034" ind1="1" ind2=" ">
         <subfield code="d">5.733464</subfield>
         <subfield code="f">51.403568</subfield>
      </datafield>
      <datafield tag="040" ind1=" " ind2=" ">
         <subfield code="a">DE-633</subfield>
         <subfield code="c">DE-633</subfield>
         <subfield code="e">rismg</subfield>
      </datafield>
      <datafield tag="043" ind1=" " ind2=" ">
         <subfield code="c">XA-NL</subfield>
      </datafield>
      <datafield tag="110" ind1="1" ind2=" ">
         <subfield code="a">Museum Klok &amp; Peel</subfield>
         <subfield code="c">Asten</subfield>
         <subfield code="g">NL-ASmkp</subfield>
      </datafield>
      <datafield tag="368" ind1=" " ind2=" ">
         <subfield code="a">Institution</subfield>
         <subfield code="a">Library</subfield>
      </datafield>
      <datafield tag="371" ind1=" " ind2=" ">
         <subfield code="a">Ostaderstraat 23</subfield>
         <subfield code="b">Asten</subfield>
         <subfield code="c">Noord-Brabant</subfield>
         <subfield code="d">Netherlands</subfield>
         <subfield code="e">5721 WC</subfield>
         <subfield code="m">info@museumklokenpeel.nl</subfield>
         <subfield code="u">https://www.museumklokenpeel.nl/nl/</subfield>
         <subfield code="z">tel: +31 / 0493 / 691865</subfield>
      </datafield>
      <datafield tag="551" ind1="1" ind2=" ">
         <subfield code="a">Asten (Noord-Brabant)</subfield>
         <subfield code="0">places/4000139</subfield>
      </datafield>
   </record>