
   <record>
      <leader>00000nz  a2200000nc 4500</leader>
      <controlfield tag="001">institutions/30002022</controlfield>
      <controlfield tag="003">DE-633</controlfield>
      <controlfield tag="005">20250620052009.0</controlfield>
      <controlfield tag="008">161109||||z|||a|||||||||||||||||n||||||d</controlfield>
      <datafield tag="024" ind1="7" ind2=" ">
         <subfield code="a">121919918</subfield>
         <subfield code="2">VIAF</subfield>
      </datafield>
      <datafield tag="024" ind1="7" ind2=" ">
         <subfield code="a">Q2017571</subfield>
         <subfield code="2">WKP</subfield>
      </datafield>
      <datafield tag="024" ind1="7" ind2=" ">
         <subfield code="a">NL-Au</subfield>
         <subfield code="q">siglum</subfield>
         <subfield code="2">rism</subfield>
      </datafield>
      <datafield tag="034" ind1="1" ind2=" ">
         <subfield code="d">4.889764364634428</subfield>
         <subfield code="f">52.367752272925095</subfield>
      </datafield>
      <datafield tag="040" ind1=" " ind2=" ">
         <subfield code="a">DE-633</subfield>
         <subfield code="c">DE-633</subfield>
         <subfield code="e">rismg</subfield>
      </datafield>
      <datafield tag="043" ind1=" " ind2=" ">
         <subfield code="c">XA-NL</subfield>
      </datafield>
      <datafield tag="110" ind1="1" ind2=" ">
         <subfield code="a">Universiteitsbibliotheek</subfield>
         <subfield code="c">Amsterdam</subfield>
         <subfield code="g">NL-Au</subfield>
      </datafield>
      <datafield tag="368" ind1=" " ind2=" ">
         <subfield code="a">Institution</subfield>
         <subfield code="a">Library</subfield>
      </datafield>
      <datafield tag="371" ind1=" " ind2=" ">
         <subfield code="a">Singel 425</subfield>
         <subfield code="b">1012 WP Amsterdam</subfield>
         <subfield code="d">Netherlands</subfield>
         <subfield code="u">https://uba.uva.nl/home</subfield>
         <subfield code="u">https://uba.uva.nl/contact/locaties-en-openingstijden/universiteitskwartier/universiteitsbibliotheek-singel.html</subfield>
         <subfield code="z">tel: +31 / (0)20 / 525 1405</subfield>
      </datafield>
      <datafield tag="371" ind1=" " ind2=" ">
         <subfield code="a">Allard Pierson - Bijzondere Collecties UvA</subfield>
         <subfield code="a">Oude Turfmarkt 129</subfield>
         <subfield code="b">1012 GC Amsterdam</subfield>
         <subfield code="d">Netherlands</subfield>
         <subfield code="m">info@allardpierson.nl</subfield>
         <subfield code="u">https://allardpierson.nl/</subfield>
         <subfield code="z">tel: +31 / (0)20 / 525 7300</subfield>
      </datafield>
      <datafield tag="410" ind1=" " ind2=" ">
         <subfield code="a">Allard Pierson - Bijzondere Collecties</subfield>
      </datafield>
      <datafield tag="510" ind1="2" ind2=" ">
         <subfield code="a">Amsterdam University Library</subfield>
      </datafield>
      <datafield tag="551" ind1="1" ind2=" ">
         <subfield code="a">Amsterdam</subfield>
         <subfield code="0">places/3900416</subfield>
      </datafield>
      <datafield tag="667" ind1=" " ind2=" ">
         <subfield code="a">Published sources: 4</subfield>
      </datafield>
      <datafield tag="680" ind1="1" ind2=" ">
         <subfield code="a">Historical music sources from NL-At are held at the department Allard Pierson - Bijzondere Collecties.</subfield>
      </datafield>
      <datafield tag="710" ind1="1" ind2=" ">
         <subfield code="a">Toonkunst-Bibliotheek</subfield>
         <subfield code="0">institutions/30002021</subfield>
      </datafield>
   </record>