
   <record>
      <leader>00000nz  a2200000nc 4500</leader>
      <controlfield tag="001">institutions/51008812</controlfield>
      <controlfield tag="003">DE-633</controlfield>
      <controlfield tag="005">20250620052325.0</controlfield>
      <controlfield tag="008">250603||||z|||a|||||||||||||||||n||||||d</controlfield>
      <datafield tag="024" ind1="7" ind2=" ">
         <subfield code="a">NL-BOX</subfield>
         <subfield code="q">siglum</subfield>
         <subfield code="2">rism</subfield>
      </datafield>
      <datafield tag="034" ind1="1" ind2=" ">
         <subfield code="d">5.953065366896356</subfield>
         <subfield code="f">51.646616054934896</subfield>
      </datafield>
      <datafield tag="040" ind1=" " ind2=" ">
         <subfield code="a">DE-633</subfield>
         <subfield code="b">ger</subfield>
         <subfield code="c">DE-633</subfield>
         <subfield code="e">rismg</subfield>
      </datafield>
      <datafield tag="043" ind1=" " ind2=" ">
         <subfield code="c">XA-NL</subfield>
      </datafield>
      <datafield tag="110" ind1="1" ind2=" ">
         <subfield code="a">Nederlands Carmelitaans Instituut, Bibliotheek</subfield>
         <subfield code="c">Boxmeer</subfield>
         <subfield code="g">NL-BOX</subfield>
      </datafield>
      <datafield tag="368" ind1=" " ind2=" ">
         <subfield code="a">Institution</subfield>
         <subfield code="a">Library</subfield>
      </datafield>
      <datafield tag="371" ind1=" " ind2=" ">
         <subfield code="a">Steenstraat 39</subfield>
         <subfield code="b">Boxmeer</subfield>
         <subfield code="c">Noord-Brabant</subfield>
         <subfield code="d">Netherlands</subfield>
         <subfield code="e">5831 JA</subfield>
         <subfield code="m">nci@karmel.nl</subfield>
         <subfield code="u">https://nederlandscarmelitaansinstituut.nl/</subfield>
         <subfield code="u">https://nederlandscarmelitaansinstituut.nl/bibliotheek/</subfield>
         <subfield code="z">contact: Veronica Kruijswijk</subfield>
         <subfield code="z">tel: +31 / 0485-562177</subfield>
      </datafield>
      <datafield tag="551" ind1="1" ind2=" ">
         <subfield code="a">Boxmeer</subfield>
         <subfield code="0">places/50011902</subfield>
      </datafield>
   </record>