
   <record>
      <leader>00000nz  a2200000nc 4500</leader>
      <controlfield tag="001">institutions/51000419</controlfield>
      <controlfield tag="003">DE-633</controlfield>
      <controlfield tag="005">20250620052237.0</controlfield>
      <controlfield tag="008">170829||||z|||a|||||||||||||||||n||||||d</controlfield>
      <datafield tag="024" ind1="7" ind2=" ">
         <subfield code="a">NL-DHOad</subfield>
         <subfield code="q">siglum</subfield>
         <subfield code="2">rism</subfield>
      </datafield>
      <datafield tag="040" ind1=" " ind2=" ">
         <subfield code="a">DE-633</subfield>
         <subfield code="c">DE-633</subfield>
         <subfield code="e">rismg</subfield>
      </datafield>
      <datafield tag="043" ind1=" " ind2=" ">
         <subfield code="c">XA-NL</subfield>
      </datafield>
      <datafield tag="110" ind1="1" ind2=" ">
         <subfield code="a">Stadsarchief Delft</subfield>
         <subfield code="c">Den Hoorn</subfield>
         <subfield code="g">NL-DHOad</subfield>
      </datafield>
      <datafield tag="368" ind1=" " ind2=" ">
         <subfield code="a">Institution</subfield>
         <subfield code="a">Library</subfield>
         <subfield code="a">Archive</subfield>
      </datafield>
      <datafield tag="371" ind1=" " ind2=" ">
         <subfield code="a">Gantel 21</subfield>
         <subfield code="b">Den Hoorn</subfield>
         <subfield code="c">Zuid-Holland</subfield>
         <subfield code="d">Netherlands</subfield>
         <subfield code="e">2635 DP</subfield>
         <subfield code="m">archief@delft.nl</subfield>
         <subfield code="u">http://www.archief-delft.nl/</subfield>
         <subfield code="z">tel: +31 / (015) / 260 23 41</subfield>
      </datafield>
      <datafield tag="551" ind1="1" ind2=" ">
         <subfield code="a">Den Hoorn</subfield>
         <subfield code="0">places/4000044</subfield>
      </datafield>
      <datafield tag="680" ind1="1" ind2=" ">
         <subfield code="a">Mit Musikquellen zur Carillon-Musik.</subfield>
      </datafield>
   </record>