
   <record>
      <leader>00000nz  a2200000nc 4500</leader>
      <controlfield tag="001">institutions/51002622</controlfield>
      <controlfield tag="003">DE-633</controlfield>
      <controlfield tag="005">20250620052246.0</controlfield>
      <controlfield tag="008">190121||||z|||a|||||||||||||||||n||||||d</controlfield>
      <datafield tag="024" ind1="7" ind2=" ">
         <subfield code="a">NL-DHvm</subfield>
         <subfield code="q">siglum</subfield>
         <subfield code="2">rism</subfield>
      </datafield>
      <datafield tag="034" ind1="1" ind2=" ">
         <subfield code="d">4.300962</subfield>
         <subfield code="f">52.087290</subfield>
      </datafield>
      <datafield tag="040" ind1=" " ind2=" ">
         <subfield code="a">DE-633</subfield>
         <subfield code="c">DE-633</subfield>
         <subfield code="e">rismg</subfield>
      </datafield>
      <datafield tag="043" ind1=" " ind2=" ">
         <subfield code="c">XA-NL</subfield>
      </datafield>
      <datafield tag="110" ind1="1" ind2=" ">
         <subfield code="a">Vrijmetselarij Museum</subfield>
         <subfield code="c">Den Haag</subfield>
         <subfield code="g">NL-DHvm</subfield>
      </datafield>
      <datafield tag="368" ind1=" " ind2=" ">
         <subfield code="a">Institution</subfield>
         <subfield code="a">Library</subfield>
         <subfield code="a">Other</subfield>
      </datafield>
      <datafield tag="371" ind1=" " ind2=" ">
         <subfield code="a">Javastraat 2b</subfield>
         <subfield code="b">Den Haag</subfield>
         <subfield code="d">Netherlands</subfield>
         <subfield code="e">2585 AM</subfield>
         <subfield code="m">info@vrijmetselarijmuseum.nl</subfield>
         <subfield code="u">http://www.vrijmetselarijmuseum.nl/</subfield>
         <subfield code="z">tel: +31 / (0)70 / 34 61 676</subfield>
      </datafield>
      <datafield tag="410" ind1=" " ind2=" ">
         <subfield code="a">Cultureel Maçonniek Centrum</subfield>
      </datafield>
      <datafield tag="551" ind1="1" ind2=" ">
         <subfield code="a">Den Haag</subfield>
         <subfield code="0">places/3900968</subfield>
      </datafield>
   </record>