
   <record>
      <leader>00000nz  a2200000nc 4500</leader>
      <controlfield tag="001">institutions/30079317</controlfield>
      <controlfield tag="003">DE-633</controlfield>
      <controlfield tag="005">20250620052123.0</controlfield>
      <controlfield tag="008">161109||||z|||a|||||||||||||||||n||||||d</controlfield>
      <datafield tag="024" ind1="7" ind2=" ">
         <subfield code="a">NL-Lkiv</subfield>
         <subfield code="q">siglum</subfield>
         <subfield code="2">rism</subfield>
      </datafield>
      <datafield tag="040" ind1=" " ind2=" ">
         <subfield code="a">DE-633</subfield>
         <subfield code="c">DE-633</subfield>
         <subfield code="e">rismg</subfield>
      </datafield>
      <datafield tag="043" ind1=" " ind2=" ">
         <subfield code="c">XA-NL</subfield>
      </datafield>
      <datafield tag="110" ind1="1" ind2=" ">
         <subfield code="a">Koninklijk Instituut voor Taal-, Land- en Volkenkunde (KITLV)</subfield>
         <subfield code="c">Leiden</subfield>
         <subfield code="g">NL-Lkiv</subfield>
      </datafield>
      <datafield tag="368" ind1=" " ind2=" ">
         <subfield code="a">Institution</subfield>
      </datafield>
      <datafield tag="368" ind1=" " ind2=" ">
         <subfield code="a">Library</subfield>
      </datafield>
      <datafield tag="371" ind1=" " ind2=" ">
         <subfield code="a">Koninklijk Instituut voor Taal-, Land-,  en Volkenkunde (KITLV), Reuvensplaats 2, 2311 BE Leiden, Netherlands</subfield>
         <subfield code="u">http://www.kitlv.nl/</subfield>
      </datafield>
      <datafield tag="410" ind1=" " ind2=" ">
         <subfield code="a">Royal Netherlands Institute of Southeast Asian and Caribbean Studies</subfield>
      </datafield>
      <datafield tag="551" ind1="1" ind2=" ">
         <subfield code="a">Leiden</subfield>
         <subfield code="0">places/3900536</subfield>
      </datafield>
      <datafield tag="680" ind1="1" ind2=" ">
         <subfield code="a">Siehe RISM-Serie B.</subfield>
      </datafield>
   </record>