
   <record>
      <leader>00000nz  a2200000nc 4500</leader>
      <controlfield tag="001">institutions/51006119</controlfield>
      <controlfield tag="003">DE-633</controlfield>
      <controlfield tag="005">20250620052306.0</controlfield>
      <controlfield tag="008">220202||||z|||a|||||||||||||||||n||||||d</controlfield>
      <datafield tag="024" ind1="7" ind2=" ">
         <subfield code="a">130626744</subfield>
         <subfield code="2">VIAF</subfield>
      </datafield>
      <datafield tag="024" ind1="7" ind2=" ">
         <subfield code="a">Q15881190</subfield>
         <subfield code="2">WKP</subfield>
      </datafield>
      <datafield tag="024" ind1="7" ind2=" ">
         <subfield code="a">NL-Nra</subfield>
         <subfield code="q">siglum</subfield>
         <subfield code="2">rism</subfield>
      </datafield>
      <datafield tag="034" ind1="1" ind2=" ">
         <subfield code="d">5.866709298307041</subfield>
         <subfield code="f">51.84543229455245</subfield>
      </datafield>
      <datafield tag="040" ind1=" " ind2=" ">
         <subfield code="a">DE-633</subfield>
         <subfield code="c">DE-633</subfield>
         <subfield code="e">rismg</subfield>
      </datafield>
      <datafield tag="043" ind1=" " ind2=" ">
         <subfield code="c">XA-NL</subfield>
      </datafield>
      <datafield tag="110" ind1="1" ind2=" ">
         <subfield code="a">Regionaal Archief</subfield>
         <subfield code="c">Nijmegen</subfield>
         <subfield code="g">NL-Nra</subfield>
      </datafield>
      <datafield tag="368" ind1=" " ind2=" ">
         <subfield code="a">Institution</subfield>
         <subfield code="a">Library</subfield>
         <subfield code="a">Archive</subfield>
      </datafield>
      <datafield tag="371" ind1=" " ind2=" ">
         <subfield code="a">Bezoekadres: Mariënburg 27</subfield>
         <subfield code="a">Postadres: postbus 9105</subfield>
         <subfield code="b">Nijmegen</subfield>
         <subfield code="c">Gelderland</subfield>
         <subfield code="d">Netherlands</subfield>
         <subfield code="e">6500 HG</subfield>
         <subfield code="m">hetarchief@nijmegen.nl</subfield>
         <subfield code="u">https://regionaalarchiefnijmegen.nl/</subfield>
         <subfield code="z">tel: +31 / 024 - 329 23 07</subfield>
      </datafield>
      <datafield tag="551" ind1="1" ind2=" ">
         <subfield code="a">Nijmegen</subfield>
         <subfield code="0">places/3901182</subfield>
      </datafield>
   </record>