
   <record>
      <leader>00000nz  a2200000nc 4500</leader>
      <controlfield tag="001">institutions/51008132</controlfield>
      <controlfield tag="003">DE-633</controlfield>
      <controlfield tag="005">20250620052320.0</controlfield>
      <controlfield tag="008">240724||||z|||a|||||||||||||||||n||||||d</controlfield>
      <datafield tag="024" ind1="7" ind2=" ">
         <subfield code="a">Q76885559</subfield>
         <subfield code="2">WKP</subfield>
      </datafield>
      <datafield tag="024" ind1="7" ind2=" ">
         <subfield code="a">NL-SHae</subfield>
         <subfield code="q">siglum</subfield>
         <subfield code="2">rism</subfield>
      </datafield>
      <datafield tag="034" ind1="1" ind2=" ">
         <subfield code="d">5.312918505796883</subfield>
         <subfield code="f">51.68704921747966</subfield>
      </datafield>
      <datafield tag="040" ind1=" " ind2=" ">
         <subfield code="a">DE-633</subfield>
         <subfield code="c">DE-633</subfield>
         <subfield code="e">rismg</subfield>
      </datafield>
      <datafield tag="043" ind1=" " ind2=" ">
         <subfield code="c">XA-NL</subfield>
      </datafield>
      <datafield tag="110" ind1="1" ind2=" ">
         <subfield code="a">Gemeente ’s-Hertogenbosch - Afdeling Erfgoed 's-Hertogenbosch</subfield>
         <subfield code="c">'s-Hertogenbosch</subfield>
         <subfield code="g">NL-SHae</subfield>
      </datafield>
      <datafield tag="368" ind1=" " ind2=" ">
         <subfield code="a">Institution</subfield>
         <subfield code="a">Archive</subfield>
         <subfield code="a">Library</subfield>
         <subfield code="a">Documentation center</subfield>
         <subfield code="a">Other</subfield>
      </datafield>
      <datafield tag="371" ind1=" " ind2=" ">
         <subfield code="a">Postadres:</subfield>
         <subfield code="a">Postbus 12345</subfield>
         <subfield code="b">'s-Hertogenbosch</subfield>
         <subfield code="c">Noord-Brabant</subfield>
         <subfield code="d">Netherlands</subfield>
         <subfield code="e">5200 GZ</subfield>
         <subfield code="m">erfgoed@s-hertogenbosch.nl</subfield>
         <subfield code="u">https://www.erfgoedshertogenbosch.nl/</subfield>
         <subfield code="z">tel: + 31 / (0)73 / 615 52 95</subfield>
      </datafield>
      <datafield tag="371" ind1=" " ind2=" ">
         <subfield code="a">Bezoekadres:</subfield>
         <subfield code="a">Bethaniestraat 4</subfield>
         <subfield code="b">'s-Hertogenbosch</subfield>
         <subfield code="c">Noord-Brabant</subfield>
         <subfield code="d">Netherlands</subfield>
         <subfield code="e">5211 LJ</subfield>
      </datafield>
      <datafield tag="551" ind1="1" ind2=" ">
         <subfield code="a">'s-Hertogenbosch</subfield>
         <subfield code="0">places/3903339</subfield>
      </datafield>
   </record>