
   <record>
      <leader>00000nz  a2200000nc 4500</leader>
      <controlfield tag="001">institutions/51007048</controlfield>
      <controlfield tag="003">DE-633</controlfield>
      <controlfield tag="005">20250620052312.0</controlfield>
      <controlfield tag="008">230123||||z|||a|||||||||||||||||n||||||d</controlfield>
      <datafield tag="024" ind1="7" ind2=" ">
         <subfield code="a">Q1915602</subfield>
         <subfield code="2">WKP</subfield>
      </datafield>
      <datafield tag="024" ind1="7" ind2=" ">
         <subfield code="a">NL-SHbhic</subfield>
         <subfield code="q">siglum</subfield>
         <subfield code="2">rism</subfield>
      </datafield>
      <datafield tag="034" ind1="1" ind2=" ">
         <subfield code="d">5.30296039830191</subfield>
         <subfield code="f">51.69507473131181</subfield>
      </datafield>
      <datafield tag="040" ind1=" " ind2=" ">
         <subfield code="a">DE-633</subfield>
         <subfield code="c">DE-633</subfield>
         <subfield code="e">rismg</subfield>
      </datafield>
      <datafield tag="043" ind1=" " ind2=" ">
         <subfield code="c">XA-NL</subfield>
      </datafield>
      <datafield tag="110" ind1="1" ind2=" ">
         <subfield code="a">Brabants Historisch Informatie Centrum (BHIC)</subfield>
         <subfield code="c">'s-Hertogenbosch</subfield>
         <subfield code="g">NL-SHbhic</subfield>
      </datafield>
      <datafield tag="368" ind1=" " ind2=" ">
         <subfield code="a">Institution</subfield>
         <subfield code="a">Library</subfield>
         <subfield code="a">Archive</subfield>
      </datafield>
      <datafield tag="371" ind1=" " ind2=" ">
         <subfield code="a">Zuid-Willemsvaart 2</subfield>
         <subfield code="b">5211 NW 's-Hertogenbosch</subfield>
         <subfield code="d">Netherlands</subfield>
         <subfield code="m">vragen@bhic.nl</subfield>
         <subfield code="u">https://www.bhic.nl/het-geheugen-van-brabant</subfield>
         <subfield code="z">tel: +31 / 073 / 6818500</subfield>
      </datafield>
      <datafield tag="551" ind1="1" ind2=" ">
         <subfield code="a">'s-Hertogenbosch</subfield>
         <subfield code="0">places/3903339</subfield>
      </datafield>
   </record>