
   <record>
      <leader>00000nz  a2200000nc 4500</leader>
      <controlfield tag="001">institutions/51006779</controlfield>
      <controlfield tag="003">DE-633</controlfield>
      <controlfield tag="005">20250620052310.0</controlfield>
      <controlfield tag="008">220927||||z|||a|||||||||||||||||n||||||d</controlfield>
      <datafield tag="024" ind1="7" ind2=" ">
         <subfield code="a">NL-Tub</subfield>
         <subfield code="q">siglum</subfield>
         <subfield code="2">rism</subfield>
      </datafield>
      <datafield tag="034" ind1="1" ind2=" ">
         <subfield code="d">5.043552269460723</subfield>
         <subfield code="f">51.56368198821414</subfield>
      </datafield>
      <datafield tag="040" ind1=" " ind2=" ">
         <subfield code="a">DE-633</subfield>
         <subfield code="c">DE-633</subfield>
         <subfield code="e">rismg</subfield>
      </datafield>
      <datafield tag="043" ind1=" " ind2=" ">
         <subfield code="c">XA-NL</subfield>
      </datafield>
      <datafield tag="110" ind1="1" ind2=" ">
         <subfield code="a">Universiteitsbibliotheek Tilburg University</subfield>
         <subfield code="c">Tilburg</subfield>
         <subfield code="g">NL-Tub</subfield>
      </datafield>
      <datafield tag="368" ind1=" " ind2=" ">
         <subfield code="a">Institution</subfield>
         <subfield code="a">Library</subfield>
      </datafield>
      <datafield tag="371" ind1=" " ind2=" ">
         <subfield code="a">Warandelaan 2 (gebouw L)</subfield>
         <subfield code="b">5037 AB Tilburg</subfield>
         <subfield code="d">Netherlands</subfield>
         <subfield code="m">library@tilburguniversity.edu</subfield>
         <subfield code="u">https://www.tilburguniversity.edu/nl/campus/universiteitsbibliotheek</subfield>
         <subfield code="z">tel:  +31 / (013) - 466 2124</subfield>
      </datafield>
      <datafield tag="551" ind1="1" ind2=" ">
         <subfield code="a">Tilburg</subfield>
         <subfield code="0">places/4000105</subfield>
      </datafield>
   </record>