
   <record>
      <leader>00000nz  a2200000nc 4500</leader>
      <controlfield tag="001">institutions/30003555</controlfield>
      <controlfield tag="003">DE-633</controlfield>
      <controlfield tag="005">20250620052022.0</controlfield>
      <controlfield tag="008">161109||||z|||a|||||||||||||||||n||||||d</controlfield>
      <datafield tag="024" ind1="7" ind2=" ">
         <subfield code="a">Q2461239</subfield>
         <subfield code="2">WKP</subfield>
      </datafield>
      <datafield tag="024" ind1="7" ind2=" ">
         <subfield code="a">NL-Ug</subfield>
         <subfield code="q">siglum</subfield>
         <subfield code="z">NL-Ag</subfield>
         <subfield code="2">rism</subfield>
      </datafield>
      <datafield tag="034" ind1="1" ind2=" ">
         <subfield code="d">5.109181253268442</subfield>
         <subfield code="f">52.10769592967846</subfield>
      </datafield>
      <datafield tag="040" ind1=" " ind2=" ">
         <subfield code="a">DE-633</subfield>
         <subfield code="c">DE-633</subfield>
         <subfield code="e">rismg</subfield>
      </datafield>
      <datafield tag="043" ind1=" " ind2=" ">
         <subfield code="c">XA-NL</subfield>
      </datafield>
      <datafield tag="110" ind1="1" ind2=" ">
         <subfield code="a">Stichting Gaudeamus Muziekweek</subfield>
         <subfield code="c">Utrecht</subfield>
         <subfield code="g">NL-Ug</subfield>
      </datafield>
      <datafield tag="368" ind1=" " ind2=" ">
         <subfield code="a">Institution</subfield>
         <subfield code="a">Library</subfield>
      </datafield>
      <datafield tag="371" ind1=" " ind2=" ">
         <subfield code="a">Loevenhoutsedijk 301</subfield>
         <subfield code="b">Utrecht</subfield>
         <subfield code="d">Netherlands</subfield>
         <subfield code="e">3552 XE</subfield>
         <subfield code="m">info@gaudeamus.nl</subfield>
         <subfield code="u">https://gaudeamus.nl/</subfield>
         <subfield code="z">tel: +31 / 030 / 820 01 11</subfield>
      </datafield>
      <datafield tag="551" ind1="1" ind2=" ">
         <subfield code="a">Utrecht</subfield>
         <subfield code="0">places/3900925</subfield>
      </datafield>
   </record>