
   <record>
      <leader>00000nz  a2200000nc 4500</leader>
      <controlfield tag="001">institutions/51000381</controlfield>
      <controlfield tag="003">DE-633</controlfield>
      <controlfield tag="005">20250620052236.0</controlfield>
      <controlfield tag="008">170720||||z|||a|||||||||||||||||n||||||d</controlfield>
      <datafield tag="024" ind1="7" ind2=" ">
         <subfield code="a">NL-ZUgmm</subfield>
         <subfield code="q">siglum</subfield>
         <subfield code="2">rism</subfield>
      </datafield>
      <datafield tag="040" ind1=" " ind2=" ">
         <subfield code="a">DE-633</subfield>
         <subfield code="c">DE-633</subfield>
         <subfield code="e">rismg</subfield>
      </datafield>
      <datafield tag="043" ind1=" " ind2=" ">
         <subfield code="c">XA-NL</subfield>
      </datafield>
      <datafield tag="110" ind1="1" ind2=" ">
         <subfield code="a">Geelvinck Muziek Museum Zutphen</subfield>
         <subfield code="c">Zutphen</subfield>
         <subfield code="g">NL-ZUgmm</subfield>
      </datafield>
      <datafield tag="368" ind1=" " ind2=" ">
         <subfield code="a">Institution</subfield>
         <subfield code="a">Library</subfield>
         <subfield code="a">Archive</subfield>
         <subfield code="a">Other</subfield>
      </datafield>
      <datafield tag="371" ind1=" " ind2=" ">
         <subfield code="a">Huis “De Wildeman”</subfield>
         <subfield code="a">Zaadmarkt 88</subfield>
         <subfield code="b">Zutphen</subfield>
         <subfield code="d">Netherlands</subfield>
         <subfield code="e">7201 DE</subfield>
         <subfield code="m">info@geelvinck.nl</subfield>
         <subfield code="u">http://www.geelvinck.nl/muziekmuseum-zutphen/</subfield>
         <subfield code="z">tel: +31 / (0)575 / 472560</subfield>
      </datafield>
      <datafield tag="551" ind1="1" ind2=" ">
         <subfield code="a">Zutphen</subfield>
         <subfield code="0">places/3904663</subfield>
      </datafield>
   </record>