
   <record>
      <leader>00000nz  a2200000nc 4500</leader>
      <controlfield tag="001">institutions/51008172</controlfield>
      <controlfield tag="003">DE-633</controlfield>
      <controlfield tag="005">20250620052320.0</controlfield>
      <controlfield tag="008">240813||||z|||a|||||||||||||||||n||||||d</controlfield>
      <datafield tag="024" ind1="7" ind2=" ">
         <subfield code="a">144502123</subfield>
         <subfield code="2">VIAF</subfield>
      </datafield>
      <datafield tag="024" ind1="7" ind2=" ">
         <subfield code="a">Q23009897</subfield>
         <subfield code="2">WKP</subfield>
      </datafield>
      <datafield tag="024" ind1="7" ind2=" ">
         <subfield code="a">NL-ZWco</subfield>
         <subfield code="q">siglum</subfield>
         <subfield code="2">rism</subfield>
      </datafield>
      <datafield tag="034" ind1="1" ind2=" ">
         <subfield code="d">6.0905263794595665</subfield>
         <subfield code="f">52.51298708931243</subfield>
      </datafield>
      <datafield tag="040" ind1=" " ind2=" ">
         <subfield code="a">DE-633</subfield>
         <subfield code="c">DE-633</subfield>
         <subfield code="e">rismg</subfield>
      </datafield>
      <datafield tag="043" ind1=" " ind2=" ">
         <subfield code="c">XA-NL</subfield>
      </datafield>
      <datafield tag="110" ind1="1" ind2=" ">
         <subfield code="a">Collectie Overijssel</subfield>
         <subfield code="c">Zwolle</subfield>
         <subfield code="g">NL-ZWco</subfield>
      </datafield>
      <datafield tag="368" ind1=" " ind2=" ">
         <subfield code="a">Institution</subfield>
         <subfield code="a">Archive</subfield>
         <subfield code="a">Library</subfield>
         <subfield code="a">Museum</subfield>
      </datafield>
      <datafield tag="371" ind1=" " ind2=" ">
         <subfield code="a">Studiezaal Zwolle - ANNO Stadsmuseum Zwolle</subfield>
         <subfield code="a">Melkmarkt 41</subfield>
         <subfield code="b">Zwolle</subfield>
         <subfield code="c">Overijssel</subfield>
         <subfield code="d">Netherlands</subfield>
         <subfield code="e">8011MB</subfield>
         <subfield code="m">info@collectieoverijssel.nl</subfield>
         <subfield code="u">https://collectieoverijssel.nl/</subfield>
         <subfield code="z">tel: +31 / 085 – 488 50 00</subfield>
      </datafield>
      <datafield tag="410" ind1=" " ind2=" ">
         <subfield code="a">Historisch Centrum Overijssel</subfield>
      </datafield>
      <datafield tag="551" ind1="1" ind2=" ">
         <subfield code="a">Zwolle</subfield>
         <subfield code="0">places/3901437</subfield>
      </datafield>
   </record>